2362 3773
1788 192 1806 232 5

176 239 580 290 commendationis
604 240 776 289 fortasse
796 240 1003 289 nonnihil
1026 246 1231 310 accipiet,
1249 248 1366 291 cuius
1381 242 1401 290 ὲ
1416 243 1613 293 fontibus
1628 247 1697 295 hic
1720 269 1804 298 no-

172 314 252 360 ster
267 309 381 380 quali
395 310 557 358 riuulus
575 314 808 358 emanauit.
865 314 1191 377 Argumentum
1207 314 1386 380 quidem
1400 333 1512 362 certe
1530 315 1667 383 ipsum
1693 324 1801 365 Po'e'-

171 386 298 430 matis
320 378 402 426 tale
417 382 485 434 est,
501 398 548 427 vt
572 385 612 441 1}
629 397 650 425 E
667 385 695 425 (ὲ
714 396 729 425 1
745 398 776 426 A
809 396 847 426 M
864 397 892 426 A
908 397 923 426 1
941 398 964 426 E
979 399 995 426 s
1011 397 1039 427 Τ
1056 399 1087 427 Α
1103 399 1132 428 Τ
1150 399 1173 428 E
1198 401 1291 429 non
1305 383 1494 433 alienum
1507 386 1639 433 videri
1653 385 1798 453 polin,

171 468 272 499 cum
286 466 332 497 vt
348 452 500 496 auctor
514 448 600 517 ipse
613 453 657 495 in
672 455 815 517 operis
829 451 889 502 lui
903 450 1156 518 praefatione
1177 451 1325 518 posuit
1337 491 1350 510 ,
1362 452 1455 501 talis
1474 452 1623 502 fithaec
1648 474 1678 503 v
1697 474 1720 502 E
1737 474 1767 504 R
1782 475 1797 503 1

167 519 256 568 fiue
277 522 332 564 M
345 537 372 564 o
387 536 414 566 R
430 535 460 564 v
475 535 514 565 M
545 535 572 564 C
587 534 602 564 1
619 535 648 565 v
665 535 681 564 1
697 536 725 565 T
741 538 773 565 A
786 538 803 566 s
817 558 827 575 ,
853 537 900 567 vt
925 521 1134 568 omnibus
1153 526 1360 568 oninium
1386 541 1483 590 quae
1509 523 1696 573 conditae
1720 545 1798 573 vn-

166 606 303 656 quam
321 588 495 635 fuerunt
510 588 757 635 ciuitatibus
771 587 977 636 excellere
999 589 1205 638 videatur.
1249 588 1345 638 Illas
1369 596 1489 638 enim
1503 592 1571 640 vel
1586 602 1798 663 temporis

162 659 374 706 vetustate
395 695 407 715 ‚
429 656 498 704 vel
518 661 768 705 mutatione
787 658 974 706 fortunae
991 697 1002 713 ,
1027 658 1094 707 vel
1119 658 1407 708 seditionibus
1429 679 1477 709 ac
1501 662 1619 710 bellis
1634 667 1797 713 intesti-

159 732 226 776 nis
249 725 495 775 labefactari
519 725 698 774 tandem
722 736 765 775 &
787 727 979 777 conuelli
1003 729 1215 797 potuisse:
1235 728 1348 779 hanc
1369 750 1472 780 vero
1496 751 1587 780 non
1602 732 1683 780 illis
1698 753 1794 783 tan-

159 814 258 844 tum
279 796 402 844 malis
422 814 571 846 vacare
590 836 605 856 ‚
630 795 699 843 sed
723 817 777 845 ne
800 797 823 845 εὶ
845 799 1163 846 communibus
1190 800 1375 868 quidem
1397 800 1464 849 his
1491 807 1720 851 conuirstus
1748 813 1791 851 δε

158 866 375 913 societatis
394 865 598 914 humanae
621 868 808 934 pestibus
828 905 842 924 ‚
867 877 911 914 ὃς
934 886 1145 937 tanquam
1166 869 1521 927 furiiS,auatitia,
1545 873 1791 921 ambitione

157 933 362 991 libidine,
384 953 456 982 aut
476 933 521 982 id
544 955 679 1002 genus
699 934 791 983 aliis
817 944 1068 1004 expugnari.
1127 944 1319 988 Virtutes
1343 946 1460 988 enim
1483 947 1694 990 vitiorum
1719 962 1792 989 ex-

155 1002 362 1072 pultrices
380 1022 592 1072 tanquam
616 1009 734 1052 ciues
760 1004 858 1053 sunt
878 1004 1122 1054 incolentes
1141 1007 1257 1055 hanc
1280 1014 1517 1058 ciuitatem.
1556 1012 1789 1059 Beatitudo

157 1073 306 1121 autem
329 1074 418 1142 ipsa
438 1072 558 1141 quasi
581 1072 765 1122 domina
787 1079 875 1122 eius
899 1094 948 1122 ac
967 1081 1115 1142 regina
1137 1077 1195 1123 est
1215 1116 1225 1132 ‚
1249 1081 1294 1124 in
1320 1083 1441 1125 cuius
1477 1098 1620 1128 arcem
1642 1086 1790 1129 muni-

155 1140 363 1192 tiflimam
386 1182 397 1198 ,
417 1141 521 1190 mali
542 1142 753 1211 adspirare
772 1142 882 1192 nihil
904 1147 1057 1212 potest.
1106 1149 1269 1214 Neque
1294 1152 1414 1194 enim
1437 1148 1517 1196 alia
1535 1153 1632 1197 vitae
1655 1152 1790 1198 beatae

155 1217 289 1261 notio
317 1213 376 1259 est
397 1250 410 1270 ‚
439 1211 575 1281 quam
592 1214 744 1283 fieretis
773 1216 882 1262 maltzs
910 1214 1111 1273 omnibus,
1139 1218 1334 1264 cumulata
1364 1217 1544 1266 bonorum
1568 1222 1784 1286 complexio.

155 1286 306 1351 anue
329 1300 375 1330 vt
394 1288 516 1331 nauis
540 1281 706 1332 duabus
735 1282 854 1352 quasi
885 1283 1089 1333 anchoris
1119 1285 1355 1353 prudentiae
1383 1283 1687 1356 sapientiaeque
1718 1287 1790 1337 fir-

154 1370 275 1401 mata
299 1390 312 1410 ,
341 1350 470 1399 nullis
495 1357 542 1398 in
571 1353 692 1400 cursu
717 1352 920 1400 humanae
946 1358 1046 1402 vitae
1066 1354 1274 1420 fluCtibus
1308 1354 1523 1423 frangitur
1555 1376 1627 1406 aut
1655 1363 1792 1407 iacta-

155 1438 239 1469 tur.
295 1425 408 1469 Non
434 1424 595 1468 mirum
618 1425 750 1485 igitur
772 1419 802 1466 fi
825 1421 1024 1485 adiungit
1048 1425 1202 1469 auctor
1221 1424 1336 1471 hanc
1357 1425 1478 1473 illam
1492 1431 1715 1476 ciuitatem
1730 1426 1790 1476 es-

152 1488 195 1538 se
210 1531 225 1552 ,
245 1509 341 1557 quae
366 1506 468 1536 nata
490 1486 542 1536 fit
567 1486 760 1556 aptaque
777 1485 892 1554 leges
916 1486 1007 1534 aliis
1031 1491 1280 1541 ciuitatibus
1311 1498 1542 1561 imponere
1564 1535 1578 1553 ,
1615 1497 1792 1546 omnes-

153 1579 242 1629 que
263 1560 503 1607 hominum
522 1576 661 1607 coetus
682 1576 731 1605 ac
754 1554 978 1604 societates
1000 1555 1022 1603 a
1043 1561 1258 1607 vitiorum
1282 1558 1433 1610 semlta
1461 1564 1580 1631 quali
1606 1565 1790 1617 habenis

151 1633 278 1679 rectae
291 1632 471 1690 rationis
493 1627 712 1675 reflectere
735 1632 781 1673 'in
801 1630 921 1674 viam
944 1624 1166 1694 publicam
1186 1636 1229 1676 &
1252 1634 1416 1697 regiam
1429 1637 1597 1682 virtutis
1617 1671 1629 1688 ,
1653 1641 1792 1705 inque

150 1698 292 1768 ipsam
315 1697 527 1746 deducere
550 1695 694 1744 sedem
714 1714 763 1743 ac
787 1700 1016 1762 regionem
1040 1701 1139 1746 vitae
1161 1698 1297 1746 beatae
1321 1701 1531 1749 omnibus
1554 1704 1678 1754 malis
1708 1724 1791 1756 va-

150 1787 329 1818 cantem
349 1807 362 1827 ,
386 1768 516 1816 bonis
538 1766 750 1815 omnibus
772 1763 1166 1815 circumfluentem.
1234 1774 1351 1836 Qae
1383 1788 1483 1819 cum
1518 1771 1614 1820 talis
1646 1792 1791 1824 tanta-

152 1858 241 1908 que
265 1843 417 1887 ciuitas
440 1840 632 1886 auctoris
656 1840 871 1900 Poemate
890 1835 1128 1899 informata
1150 1834 1220 1893 fit,
1236 1837 1454 1889 verissima
1475 1846 1686 1892 nimirum
1700 1850 1791 1895 eius

150 1913 266 1958 ratio
287 1909 348 1956 est
368 1949 378 1965 ‚
403 1907 686 1977 praedicantis*
702 1922 751 1955 vt
782 1908 879 1974 pini
904 1905 1071 1972 albores
1092 1906 1397 1976 procerissima>
1420 1909 1474 1958 de
1504 1931 1640 1981 paruo
1666 1916 1791 1964 semi-

151 1997 209 2027 ne
231 1982 432 2027 oriuntur
452 2016 464 2034 ‚
487 1976 608 2038 ita‘ssst
629 1976 653 2024 εἴ
672 1978 902 2045 principiis
922 1976 1170 2035 tmuiffimis
1194 1978 1473 2047 profectum,
1498 1988 1586 2031 iarn
1608 1983 1792 2034 faculta-

151 2053 206 2096 tis
229 2066 405 2097 tantum
426 2046 586 2097 habere
606 2086 617 2104 ,
640 2064 688 2096 vt
715 2050 944 2095 ciuitatem
966 2047 1134 2097 donare
1163 2048 1293 2117 poffit
1316 2089 1331 2109 ,
1366 2050 1543 2120 qualem
1568 2052 1645 2121 ipli
1676 2054 1788 2104 olim

153 2118 273 2167 orbis
296 2136 413 2167 terrae
437 2123 652 2187 principes
675 2115 945 2166 amiciffimis
966 2118 1048 2168 suis
1071 2138 1301 2189 nunquam
1323 2119 1468 2189 largiti
1498 2121 1607 2170 sunt.
1650 2125 1788 2173 Persa-

152 2206 252 2236 rum
275 2192 393 2235 enim
416 2193 511 2238 Rex
537 2186 715 2237 refertus
754 2189 967 2238 omnibus
993 2195 1181 2259 praemiis
1209 2190 1426 2259 donisque
1456 2192 1644 2242 fortuna:
1676 2200 1788 2242 Xer-

153 2276 227 2304 xes
250 2295 263 2315 ,
291 2256 529 2324 Themzstocli
553 2256 809 2306 Atheniensi
823 2264 1023 2330 quinque
1035 2261 1159 2310 vrbes
1183 2260 1290 2309 Afiae
1308 2260 1483 2309 vtendas
1496 2262 1697 2311 fruendas
1712 2263 1786 2310 de—

154 2325 219 2374 dit
242 2347 251 2373 :
277 2331 346 2375 M.
370 2331 592 2376 Antonius
623 2330 1208 2377 Anaxenoremcitharoedum
1237 2348 1429 2397 quatuor
1449 2337 1680 2380 ciuitatum
1714 2352 1785 2381 ve-

155 2395 387 2463 ‹S'tigalibus
408 2396 584 2452 ditauit‚
599 2395 846 2443 Alexander
867 2395 1030 2445 multas
1051 2396 1264 2466 plerisque
1285 2405 1436 2447 amicis
1463 2402 1585 2449 Vrbes
1605 2401 1783 2450 obtulit:

153 2483 292 2514 nemo
314 2464 412 2513 dare
434 2463 566 2512 talem
591 2483 788 2531 vnquam
808 2469 955 2531 potuit
978 2503 991 2523 ,
1018 2471 1138 2514 cuius
1172 2469 1341 2516 ambitu
1376 2478 1417 2516 ὃς
1440 2474 1620 2536 regione
1646 2469 1784 2519 felici-

154 2552 217 2583 tas
239 2535 328 2603 ipsa
352 2538 657 2582 contineretur.
708 2538 860 2600 Itaque
884 2552 977 2582 non
1005 2534 1159 2582 diffido
1186 2537 1362 2597 fore,vt
1382 2537 1487 2585 liber
1499 2537 1614 2593 talis,
1630 2559 1784 2607 quem-

156 2603 405 2652 admodum
427 2609 610 2672 optimae
641 2620 758 2651 notae
781 2607 935 2652 vinum
959 2621 1131 2652 aetatem
1153 2604 1277 2653 facile
1296 2607 1422 2663 ferat,
1443 2612 1675 2676 vigeatque
1688 2630 1783 2658 non

157 2675 353 2742 praesenti
381 2673 525 2723 solum
550 2714 561 2731 ‚
596 2672 667 2722 sed
701 2677 833 2722 etiam
863 2674 1126 2742 posteritatis
1157 2681 1374 2725 memoria
1403 2715 1415 2732 ‚
1451 2683 1553 2745 quia
1584 2677 1784 2746 praeclare

160 2748 326 2803 auctor,

451 2812 600 2865 miscuit
618 2814 719 2861 vtile
735 2813 851 2868 dulci,

161 2879 512 2951 grauiffimasque
533 2881 771 2930 Aristotelis
786 2883 839 2931 de
850 2883 1082 2931 virtutibus
1094 2881 1262 2953 ,deque
1284 2883 1445 2933 vltimo
1468 2884 1545 2932 illo
1571 2890 1667 2933 vitae
1680 2905 1783 2953 pree-

163 2956 256 2999 mio
269 2952 583 3021 dlsputationes
598 2958 759 3021 poetici
779 2952 917 3001 mellis
937 2952 1165 3001 dulcedine
1193 2959 1465 3022 temperauit.
1495 2960 1648 3023 Longe
1670 2953 1783 3003 dissi-

164 3019 258 3086 mili
270 3022 448 3090 quidem
461 3042 508 3072 vt
521 3024 657 3092 spero,
669 3041 839 3082 euentu,
853 3040 985 3091 atque
997 3022 1132 3071 hodie
1146 3023 1274 3073 multi
1287 3042 1445 3073 exeunt
1465 3021 1671 3083 libelli,de
1685 3030 1783 3093 qui-

164 3089 243 3138 bus
253 3089 488 3141 ille'veteris
505 3099 646 3141 Poetae
659 3098 798 3141 versus
813 3097 926 3141 recte
938 3092 1170 3161 vsurpetur.

321 3162 515 3224 ΩιωΙΙιωΕρι
535 3164 678 3217 καπνοῖο
699 3162 810 3211 dinam
819 3168 991 3227 ’ὲῆοῗὲντες
1011 3161 1180 3213 dwe'ff'loev

323 3234 372 3278 V
363 3232 541 3299 ancfiunt
550 3249 800 3282 momentana
810 3272 823 3292 ,
835 3253 898 3282 ceu
907 3235 1047 3303 summ
1059 3239 1098 3281 in
1109 3252 1233 3283 auras.

1349 3302 1390 3348 A
1460 3305 1503 3364 iij
