2310 3768
474 190 517 217 10
1004 165 1264 213 CIVIT.
1340 167 1537 213 VERI

473 252 671 302 animus,
697 243 1048 314 magnitudinem
1072 246 1214 309 operis
1236 239 1533 309 perhorrescit.
1586 244 1709 288 Nam
1743 238 1882 288 multa
1909 240 2019 289 mihi
2045 248 2093 291 in

476 335 672 365 mentem
693 322 875 365 veniunt
897 309 1190 360 incommoda
1212 350 1225 370 ‚
1244 309 1351 358 illud
1369 308 1471 358 vero
1496 314 1710 377 imprimis
1729 348 1742 366 ‚
1766 308 1935 357 Pocfim
1951 327 2093 359 totam

474 391 520 434 in
543 384 699 434 fabulis
724 385 801 431 esse
828 392 870 429 &
896 379 1085 428 iucunda
1117 398 1260 428 rerum
1294 384 1543 426 imitatione
1562 400 1583 435 ·,
1617 383 1763 446 itaque
1796 398 1874 427 ceu
1907 378 2095 428 alienam

476 454 757 524 philosophia
780 455 1067 517 vituperatam
1101 449 1180 496 ess'e
1197 447 1220 495 a
1240 447 1388 495 multis
1406 487 1420 507 ‚
1447 465 1492 494 vt
1526 441 1714 494 Zeno'fi‘e
1746 453 1901 496 Stoicae
1923 447 2096 497 familiae

476 528 672 592 principe
689 559 699 576 ,
720 538 853 586 quem
873 518 1014 566 dicere
1035 516 1211 566 solitum
1231 522 1289 565 ait
1314 520 1516 563 Laertius,
1553 517 1663 579 Pocst
1680 515 1854 583 nihileſje
1873 523 2034 585 ineptius
2045 518 2098 566 ad

472 591 825 659 comprehenfionem
841 587 1102 655 scientiarum.
1119 586 1200 634 Sed
1221 584 1378 640 voluit,
1394 583 1540 641 credo,
1558 584 1759 632 Pcrnulus
1782 586 1853 632 ille
1874 586 2012 635 dicere
2029 588 2100 637 8ιῆ-

477 685 557 711 πως
578 699 587 715 ,
607 677 698 707 non
720 663 890 708 ποιῆπως.
932 661 991 704 At
1013 662 1245 705 Romanus
1275 652 1453 721 quidem
1475 654 1586 701 certe
1621 653 1908 723 Philosophus
1937 661 2098 704 Cicero

477 727 652 777 Tuscul.
675 750 718 776 11.
748 731 826 777 Sed
846 725 1021 791 videfhe,
1041 730 1208 793 inquit,
1224 727 1344 770 Poetae
1365 723 1461 791 quid
1472 725 1564 769 mali
1584 724 1791 791 adferant?
1808 733 1891 772 &o
1910 729 2097 774 Etmox.

476 819 600 847 omnes
622 802 776 846 virtutis
797 814 928 844 neruos
950 794 1111 843 elidunt.
1142 790 1264 843 Retslf}
1283 797 1400 858 igitur
1419 789 1444 837 ἂ
1465 794 1624 839 Platone
1642 793 1854 840 educuntur
1874 814 1922 841 ex
1941 814 1985 841 ea
2005 800 2101 843 ciui-

479 886 579 922 tate,
601 887 716 936 quam
723 867 851 931 finxit
870 864 951 918 ille,
974 883 1057 911 cum
1069 883 1187 910 mores
1207 867 1384 928 optimos,
1400 873 1459 915 ξφ
1480 867 1662 926 optimum
1678 863 1785 928 Reip.
1799 865 1942 929 statum
1962 870 2100 932 exqui-

480 954 587 987 reret.
645 931 897 984 Perdifficile
926 936 1055 999 igitur
1077 941 1121 980 «Sc
1154 931 1339 979 arduum
1369 928 1538 977 videtur
1567 935 1746 997 poetico
1769 950 1896 980 more
1920 951 1969 980 ac
2001 951 2104 980 mo-

480 1006 540 1054 do
563 1001 775 1052 scribendi
795 1040 808 1060 ‚
830 1005 1056 1051 veritatem
1079 1020 1129 1048 ex
1153 1003 1400 1063 Democriti
1421 1015 1556 1066 puteo
1580 1018 1723 1046 eruere
1742 1039 1753 1055 ,
1774 999 2006 1069 lucemque
2027 1002 2103 1050 ad-

480 1074 588 1123 ferre
608 1074 824 1121 sententiis
848 1071 1036 1118 obscuris
1052 1107 1064 1124 ,
1092 1078 1135 1116 δε
1156 1068 1342 1117 dictioni
1371 1065 1626 1118 Aristotelis.
1666 1068 1746 1116 Sed
1768 1068 1848 1118 alia
1867 1062 2049 1138 exparte
2063 1071 2105 1119 se

482 1143 593 1192 mihi
614 1140 743 1191 offert
762 1159 860 1190 vera
880 1138 1058 1187 illorum
1082 1142 1193 1186 ratio
1213 1176 1226 1196 ,
1257 1138 1415 1206 quibus
1446 1136 1586 1205 poesis
1617 1155 1710 1186 non
1731 1138 1901 1187 videtur
1922 1141 2001 1187 effe
2028 1141 2106 1188 ab-

481 1213 662 1262 horrens
685 1208 1042 1279 aphilosophia:
1078 1224 1125 1255 vt
1154 1205 1396 1255 Aristotelis
1417 1244 1428 1261 ‚
1463 1210 1539 1273 qui
1575 1205 1893 1276 philosophum
1927 1210 2007 1256 effe
2044 1216 2105 1259 ait

483 1282 678 1342 φιλέμυθον
698 1279 784 1328 siue
806 1276 1043 1326 studiosum
1067 1274 1311 1326 fabularum
1333 1313 1346 1334 ,
1374 1284 1416 1322 &
1441 1276 1663 1322 Strabonis
1686 1314 1697 1331 ,
1722 1282 1798 1343 qui
1824 1276 1991 1345 poesim
2015 1284 2104 1346 pri-

483 1369 605 1401 mam
639 1349 718 1397 effe
757 1353 816 1397 ait
841 1344 1276 1415 antiquissimamque
1309 1339 1640 1410 philosophiam
1664 1381 1677 1401 ,
1710 1343 1822 1394 libro
1847 1364 1876 1396 1.
1905 1351 2108 1415 Geograf

485 1421 611 1491 phiae.
2089 1413 2101 1488 ’ἡ

556 1496 655 1540 Nec
675 1487 778 1539 verb
801 1486 1104 1537 mediocritate
1119 1492 1279 1556 ingenij
1303 1492 1390 1535 mei
1408 1485 1639 1538 deterreor.
1695 1492 1817 1538 Nam
1839 1493 1959 1557 parui
1980 1493 2105 1555 inge-

484 1565 545 1622 nij
571 1569 613 1607 δε
636 1563 818 1606 minoris
843 1558 1051 1607 doduinae
1075 1562 1341 1626 opinionem
1365 1567 1407 1604 &
1430 1557 1595 1607 famam
1619 1558 1755 1607 subire
1789 1557 1907 1607 malo
1924 1597 1935 1614 ‚
1965 1558 2104 1625 qua‘m

482 1626 752 1678 inofficiosus
776 1627 942 1681 videri,
968 1643 1042 1675 aut
1064 1644 1220 1695 parum
1245 1626 1469 1675 obediens.
1524 1632 1576 1675 Et
1609 1629 1788 1695 quidem
1821 1627 2104 1681 obseruantiae

485 1717 591 1747 meae
613 1703 660 1746 in
686 1714 727 1746 te
748 1695 1012 1763 magnitudo
1035 1694 1146 1743 mihi
1172 1695 1292 1744 dabit
1313 1694 1484 1743 fortasse
1505 1695 1629 1764 plura
1648 1702 1828 1764 ingenio
1845 1702 2105 1765 maioraque

482 1765 744 1835 compIeffl,
762 1765 897 1833 quam
920 1764 1090 1813 credere
1111 1783 1306 1832 vnquam
1322 1781 1394 1813 aut
1417 1763 1576 1833 sperare
1595 1767 1840 1834 potuissem.

480 1863 482 1867 ·
551 1841 636 1885 His
656 1839 715 1883 ita
735 1833 859 1883 dietis
883 1852 979 1883 tum
998 1832 1102 1882 inde
1123 1832 1348 1883 discessum
1370 1834 1440 1884 est.
1487 1837 1702 1884 Triennio
1727 1854 1874 1885 autem
1896 1840 1994 1904 post
2025 1838 2107 1893 hass

480 1907 625 1955 bitum
647 1903 774 1953 illum
794 1905 1040 1953 sermonem
1058 1941 1072 1961 ,
1096 1908 1251 1953 auctor
1279 1902 1400 1952 hunc
1427 1908 1530 1952 anni
1560 1904 1621 1952 sui
1644 1903 1806 1954 librum
1836 1947 1847 1964 ‚
1877 1905 1962 1956 fiue
1988 1907 2105 1958 hanc

480 1992 651 2045 partem
683 1971 821 2023 menfi
853 1973 1109 2022 Nouembri
1144 1971 1534 2022 accommodatam
1564 1973 1753 2042 perfecit.
1799 1980 1848 2024 In
1878 1995 1966 2044 qua
1999 1995 2105 2026 cum

480 2046 671 2095 vbertim
705 2048 879 2092 animos
906 2041 1147 2110 legentium
1181 2041 1309 2090 succo
1340 2043 1432 2111 ipso
1459 2052 1502 2090 ὃς
1532 2042 1723 2092 medulla
1755 2042 2105 2113 disputationum

481 2112 726 2164 Aristotelis
746 2112 799 2161 de
818 2131 922 2161 veto
941 2150 953 2167 ,
979 2112 1105 2160 bono
1119 2150 1132 2170 ,
1155 2107 1428 2181 pulchroque
1450 2111 1503 2160 de
1523 2113 1751 2162 virtutibus
1770 2120 1906 2162 animi
1921 2124 2105 2164 &men-

482 2189 535 2233 tis
559 2203 611 2231 ex
633 2183 786 2232 decem
807 2181 923 2231 libris
944 2186 1032 2229 eius
1052 2180 1104 2229 ad
1129 2182 1464 2229 Nicomachum
1487 2182 1654 2251 pascere
1676 2180 2008 2252 vellet‚poeticae
2040 2185 2104 2233 fa-

481 2252 651 2302 cultatis
672 2259 718 2301 in
739 2251 828 2301 hoc
848 2269 1112 2320 argumento
1134 2248 1443 2318 supelleetilem
1467 2251 1685 2319 exposuit,
1702 2270 1799 2320 quae
1820 2272 1921 2301 cum
1935 2253 1989 2302 ad
2009 2271 2107 2302 tan·

481 2327 515 2372 ti
535 2321 651 2392 epuli
672 2320 950 2391 splendorem
973 2326 1046 2370 vix
1069 2323 1163 2369 satis
1185 2320 1300 2368 lauta
1320 2320 1532 2369 videretur
1552 2360 1564 2378 ,
1592 2326 1723 2369 etiam
1746 2320 1769 2368 a
1789 2327 1959 2390 pictura
1981 2322 2105 2371 soro-

480 2411 524 2440 re
548 2397 635 2440 eius
657 2396 837 2458 gemina
860 2407 1068 2458 germana
1094 2406 1317 2437 mutuatus
1340 2391 1410 2437 est.
1470 2396 1691 2457 Sapienter
1716 2396 1832 2438 enirn
1848 2391 1971 2450 vidit,
1991 2390 2103 2440 nihil

480 2478 572 2510 tarn
594 2460 742 2508 efficax
766 2459 857 2507 fieri
876 2459 996 2527 poffe
1016 2457 1068 2507 ad
1088 2457 1243 2526 species
1262 2475 1403 2505 rerum
1420 2455 1549 2506 claras
1571 2468 1612 2506 δε
1636 2457 1813 2507 illustres
1826 2461 2104 2509 animisinse-

480 2529 632 2580 tendas
654 2568 666 2585 ,
692 2527 828 2598 quam
851 2532 1030 2594 picturae
1050 2546 1150 2573 cum
1175 2525 1292 2593 poe'fi
1316 2530 1679 2592 coniugationem
1709 2567 1722 2587 ,
1746 2545 1793 2576 vt
1815 2527 1843 2575 si
1867 2528 1972 2596 quid
1992 2549 2103 2598 poe-

480 2617 523 2648 ta
541 2618 635 2647 non
655 2596 750 2646 satis
769 2595 941 2643 calamo
966 2593 1235 2649 deformauit
1254 2634 1266 2652 ,
1287 2593 1373 2641 hoc
1395 2593 1600 2662 penicillo
1625 2595 1701 2643 suo
1725 2600 1871 2664 pictor
1889 2603 2098 2647 imitetur„

480 2666 625 2735 Quod
647 2682 749 2713 cum
773 2669 832 2712 ita
851 2662 930 2711 effe
952 2661 1176 2712 ostendere
1196 2661 1327 2712 vellet
1350 2663 1597 2712 Simonides
1619 2665 2014 2734 poeta,ingeniosc
2033 2668 2099 2717 di-

477 2742 542 2786 xit
555 2756 564 2782 :
577 2739 719 2783 Poema
726 2735 937 2804 loquentem
943 2732 1135 2801 piffiuram
1148 2733 1227 2800 effe:
1237 2733 1443 2800 picsluram,
1454 2740 1611 2782 tacitum
1616 2750 1763 2802 poema.
2097 2733 2100 2737 ’

553 2811 717 2853 Poema
744 2822 850 2853 vero
874 2801 999 2851 suum
1018 2806 1170 2851 audior
1191 2801 1400 2870 inscripsit
1419 2803 1637 2861 Veri,s1ue
1661 2823 1838 2854 morum
1859 2812 2096 2857 ciuitatem:

477 2873 590 2924 nihil
610 2878 729 2922 enirn
752 2877 920 2921 ciuitati
940 2871 1027 2920 fiue
1050 2876 1175 2940 Reip.
1200 2869 1378 2920 similius
1396 2911 1410 2930 ‚
1435 2871 1568 2941 quam
1590 2879 1800 2923 virtutum
1823 2895 1870 2923 ac
1884 2881 2097 2926 vitiorum

479 2963 530 2993 ac
550 2942 832 2992 Beatitudinis
853 2941 1094 3009 descriptio.
1143 2944 1333 2989 Animus
1365 2946 1481 2990 enim
1513 2942 1599 3011 ipse
1622 2945 1736 2992 vrbis
1764 2943 2097 2996 similitudinem,

478 3012 613 3063 habet
634 3034 644 3059 :
671 3017 845 3061 virtutes
869 3020 912 3059 δε
933 3015 1037 3075 vitia
1059 3011 1285 3058 bonorum
1312 3019 1355 3059 δε
1374 3010 1598 3061 malorum
1618 3018 1780 3061 ciuium
1796 3032 1996 3083 ,vt-pote
2016 3015 2096 3065 ha-

479 3083 593 3131 bitus
618 3080 704 3129 fiue
722 3081 991 3130 adfed'tiones
1015 3084 1151 3128 animi
1174 3078 1365 3128 firmae&
1378 3100 1691 3149 permanentes,
1723 3083 2007 3133 Adfeo’tiones
2020 3104 2096 3134 ve-

478 3170 530 3199 ro
544 3150 630 3199 fiue
642 3151 906 3219 imperfecfilzae
919 3155 1095 3199 virtutes
1110 3169 1158 3197 ac
1173 3154 1277 3198 vitia
1289 3167 1336 3199 vt
1355 3158 1646 3210 continentia,
1659 3157 1980 3202 incontinentia
1996 3172 2093 3203 tan·

480 3238 617 3287 quam
643 3225 759 3268 ciues
774 3219 1030 3289 imperfecsti,
1044 3237 1089 3268 Vt
1102 3215 1215 3267 senes
1230 3228 1272 3267 &
1286 3225 1406 3288 pueri
1419 3240 1450 3269 c.
1463 3220 1648 3270 1.l.111.de
1669 3221 1924 3290 Republ.c.1.
1939 3222 1962 3272 l.
1982 3222 2092 3271 ixad

481 3293 665 3339 Nicom.
685 3290 915 3340 Prudentia
932 3287 1106 3359 publica
1126 3287 1212 3338 siue
1231 3288 1411 3358 politica
1430 3328 1441 3346 ,
1464 3308 1677 3360 tanquam
1690 3291 1873 3341 domina
1888 3302 1929 3341 δε
1944 3297 2091 3360 regina
